@book{Pierce:TypeSystems,
  author = {Benjamin C. Pierce},
  title = {Types and Programming Languages},
  publisher = {MIT Press},
  year = 2002,
  plclub = {Yes},
  bcp = {Yes},
  keys = {books},
  homepage = {http://www.cis.upenn.edu/~bcpierce/tapl},
  errata = {http://www.cis.upenn.edu/~bcpierce/tapl/errata.txt}
}

@book{Sestoft:PLC,
  author = {Peter Sestoft},
  title = {Programming Language Concepts},
  publisher = {Springer},
  year = 2012
}

@INPROCEEDINGS{Augustsson99anexercise,
  author = {Lennart Augustsson and Magnus Carlsson},
  title = {An exercise in dependent types: A well-typed interpreter},
  booktitle = {In Workshop on Dependent Types in Programming, Gothenburg},
  year = {1999}
}

@misc{Brady:IdrisTutorial,
  author = {Edwin Brady},
  title = {Programming in Idris: a tutorial},
  url = {http://eb.host.cs.st-andrews.ac.uk/writings/idris-tutorial.pdf}
}

@ARTICLE{Leroy_formalverification,
    author = {Xavier Leroy},
    title = {Formal verification of a realistic compiler},
    journal = {Communications of the ACM},
    year = {},
    pages = {2009}
}

@ARTICLE{Milner78atheory,
    author = {Robin Milner},
    title = {A theory of type polymorphism in programming},
    journal = {Journal of Computer and System Sciences},
    year = {1978},
    volume = {17},
    pages = {348--375}
}

@ARTICLE{Bruijn72lambdacalculus,
    author = {N. G. De Bruijn},
    title = {Lambda calculus notation with nameless dummies, a tool for automatic formula manipulation, with application to the Church-Rosser Theorem},
    journal = {INDAG. MATH},
    year = {1972},
    volume = {34},
    pages = {381--392}
}

@article{Oury:2008,
 author = {Oury, Nicolas and Swierstra, Wouter},
 title = {The Power of Pi},
 journal = {SIGPLAN Not.},
 issue_date = {September 2008},
 volume = {43},
 number = {9},
 month = sep,
 year = {2008},
 issn = {0362-1340},
 pages = {39--50},
 numpages = {12},
 url = {http://doi.acm.org/10.1145/1411203.1411213},
 doi = {10.1145/1411203.1411213},
 acmid = {1411213},
 publisher = {ACM},
 address = {New York, NY, USA},
 keywords = {dependent types, domain-specific embedded languages},
} 
